@article{zhang2012gradient,
  title={Gradient-directed multiexposure composition},
  author={Zhang, Wei and Cham, Wai-Kuen},
  journal={Image Processing, IEEE Transactions on},
  volume={21},
  number={4},
  pages={2318--2323},
  year={2012},
  publisher={IEEE}
}
@article{ma2015perceptual,
  title={Perceptual quality assessment for multi-exposure image fusion},
  author={Ma, Kede and Zeng, Kai and Wang, Zhou},
  journal={Image Processing, IEEE Transactions on},
  volume={24},
  number={11},
  pages={3345--3356},
  year={2015},
  publisher={IEEE}
}
@inproceedings{khan2006ghost,
  title={Ghost removal in high dynamic range images},
  author={Khan, Erum Arif and Akyiiz, AO and Reinhard, Erik},
  booktitle={Image Processing, 2006 IEEE International Conference on},
  pages={2005--2008},
  year={2006},
  organization={IEEE}
}